@article{Balliet2011,
title = {Reward, punishment, and cooperation: a meta-analysis},
author = {Balliet, Daniel and Mulder, Laetitia B and Van Lange, Paul A M},
journal = {Psychological Bulletin},
volume = {137},
number = {4},
pages = {594--615},
year = {2011},
publisher = {American Psychological Association},
doi = {10.1037/a0023489}
}

@article{Balliet2013,
author = {Daniel Balliet and Paul A. M. Van Lange},
title ={Trust, Punishment, and Cooperation Across 18 Societies: A Meta-Analysis},
journal = {Perspectives on Psychological Science},
volume = {8},
number = {4},
pages = {363--379},
year = {2013},
doi = {10.1177/1745691613488533},
note = {PMID: 26173117},
URL = {https://doi.org/10.1177/1745691613488533},
eprint = {https://doi.org/10.1177/1745691613488533}
}

@article{Barclay2006,
title = {Reputational benefits for altruistic punishment},
journal = {Evolution and Human Behavior},
volume = {27},
number = {5},
pages = {325--344},
year = {2006},
issn = {1090-5138},
doi = {10.1016/j.evolhumbehav.2006.01.003},
url = {https://www.sciencedirect.com/science/article/pii/S1090513806000055},
author = {Pat Barclay}
}

@article{Batistoni2022,
title = {Third-party punishers do not compete to be chosen as partners in an experimental game},
author = {Batistoni, Tommaso and Barclay, Pat and Raihani, Nichola J},
journal = {Proceedings of the Royal Society B},
volume = {289},
number = {1966},
pages = {20211773},
year = {2022},
publisher = {The Royal Society},
doi = {10.1098/rspb.2021.1773}
}

@article{Bone2015,
title = {Human punishment is motivated by both a desire for revenge and a desire for equality},
author = {Bone, Jonathan E and Raihani, Nichola J},
journal = {Evolution and Human Behavior},
volume = {36},
number = {4},
pages = {323--330},
year = {2015},
publisher = {Elsevier}
}

@book{Bowles2013,
title = {A Cooperative Species: Human Reciprocity and Its Evolution},
author = {Bowles, Samuel and Gintis, Herbert},
year = {2013},
publisher = {Princeton University Press}
}

@article{Boyd2003,
title = {The evolution of altruistic punishment},
author = {Boyd, Robert and Gintis, Herbert and Bowles, Samuel and Richerson, Peter J},
journal = {Proceedings of the National Academy of Sciences},
volume = {100},
number = {6},
pages = {3531--3535},
year = {2003},
publisher = {National Acad Sciences}
}

@book{Camerer2003,
title = {Behavioral game theory: Experiments in strategic interaction},
author = {Camerer, C. F.},
year = {2003},
publisher = {Russell Sage Foundation}
}

@article{Carlsmith2002,
title = {Why do we punish? Deterrence and just deserts as motives for punishment},
author = {Carlsmith, Kevin M and Darley, John M and Robinson, Paul H},
journal = {Journal of Personality and Social Psychology},
volume = {83},
number = {2},
pages = {284--299},
year = {2002},
publisher = {American Psychological Association},
doi = {10.1037/0022-3514.83.2.284}
}

@article{Chaudhuri2011,
title = {Sustaining cooperation in laboratory public goods experiments: a selective survey of the literature},
author = {Chaudhuri, Ananish},
journal = {Experimental Economics},
volume = {14},
pages = {47--83},
year = {2011},
publisher = {Springer},
doi = {10.1007/s10683-010-9257-1}
}

@article{Chudek2011,
title = {Culture-gene coevolution, norm-psychology and the emergence of human prosociality},
journal = {Trends in Cognitive Sciences},
volume = {15},
number = {5},
pages = {218--226},
year = {2011},
issn = {1364-6613},
doi = {10.1016/j.tics.2011.03.003},
url = {https://www.sciencedirect.com/science/article/pii/S1364661311000386},
author = {Maciej Chudek and Joseph Henrich}
}

@article{CluttonBrock1995,
title = {Punishment in animal societies},
author = {Clutton-Brock, Tim H and Parker, Geoffrey A},
journal = {Nature},
volume = {373},
number = {6511},
pages = {209--216},
year = {1995},
publisher = {Nature Publishing Group UK London},
doi = {10.1038/373209a0}
}

@article{Crockett2014,
title = {The value of vengeance and the demand for deterrence.},
author = {Crockett, Molly J and {\"O}zdemir, Yagiz and Fehr, Ernst},
journal = {Journal of Experimental Psychology: General},
volume = {143},
number = {6},
pages = {2279--2286},
year = {2014},
publisher = {American Psychological Association},
doi = {10.1037/xge0000018}
}

@article{Dawes2007,
title = {Egalitarian motives in humans},
author = {Dawes, Christopher T and Fowler, James H and Johnson, Tim and McElreath, Richard and Smirnov, Oleg},
journal = {Nature},
volume = {446},
number = {7137},
pages = {794--796},
year = {2007},
publisher = {Nature Publishing Group UK London}
}

@article{Delton2017,
title = {The psychology of deterrence explains why group membership matters for third-party punishment},
author = {Delton, Andrew W and Krasnow, Max M},
journal = {Evolution and Human Behavior},
volume = {38},
number = {6},
pages = {734--743},
year = {2017},
publisher = {Elsevier},
doi = {10.1016/j.evolhumbehav.2017.07.003}
}

@article{DeQuervain2004,
author = {Dominique J.-F. {de Quervain}  and Urs Fischbacher  and Valerie Treyer  and Melanie Schellhammer  and Ulrich Schnyder  and Alfred Buck  and Ernst Fehr},
title = {The Neural Basis of Altruistic Punishment},
journal = {Science},
volume = {305},
number = {5688},
pages = {1254--1258},
year = {2004},
doi = {10.1126/science.1100735},
URL = {https://www.science.org/doi/abs/10.1126/science.1100735},
eprint = {https://www.science.org/doi/pdf/10.1126/science.1100735}
}

@article{Deutchman2021,
title = {Punishment is strongly motivated by revenge and weakly motivated by inequity aversion},
author = {Deutchman, Paul and Bra{\v{c}}i{\v{c}}, Mark and Raihani, Nichola J and McAuliffe, Katherine},
journal = {Evolution and Human Behavior},
volume = {42},
number = {1},
pages = {12--20},
year = {2021},
publisher = {Elsevier},
doi = {10.1016/j.evolhumbehav.2020.06.001}
}

@article{DosSantos2011,
title = {The evolution of punishment through reputation},
author = {{dos Santos}, Miguel and Rankin, Daniel J and Wedekind, Claus},
journal = {Proceedings of the Royal Society B: Biological Sciences},
volume = {278},
number = {1704},
pages = {371--377},
year = {2011},
publisher = {The Royal Society},
doi = {10.1098/rspb.2010.1275}
}

@article{DosSantos2013,
title = {Human cooperation based on punishment reputation},
author = {{dos Santos}, Miguel and Rankin, Daniel J and Wedekind, Claus},
journal = {Evolution},
volume = {67},
number = {8},
pages = {2446--2450},
year = {2013},
publisher = {Blackwell Publishing Inc Malden, USA},
url = {https://www.jstor.org/stable/24032701}
}

@article{Dreber2008,
title = {Winners donâ€™t punish},
author = {Dreber, Anna and Rand, David G and Fudenberg, Drew and Nowak, Martin A},
journal = {Nature},
volume = {452},
number = {7185},
pages = {348--351},
year = {2008},
publisher = {Nature Publishing Group UK London},
doi = {10.1038/nature06723}
}

@article{Fehr2000,
title = {Cooperation and punishment in public goods experiments},
author = {Fehr, Ernst and G{\"a}chter, Simon},
journal = {American Economic Review},
volume = {90},
number = {4},
pages = {980--994},
year = {2000},
publisher = {American Economic Association},
url = {https://www.jstor.org/stable/117319}
}

@article{Fehr2002,
title = {Altruistic punishment in humans},
author = {Fehr, Ernst and G{\"a}chter, Simon},
journal = {Nature},
volume = {415},
number = {6868},
pages = {137--140},
year = {2002},
publisher = {Nature Publishing Group UK London},
doi = {10.1038/415137a}
}

@article{Fehr2004,
title = {Third-party punishment and social norms},
author = {Fehr, Ernst and Fischbacher, Urs},
journal = {Evolution and Human Behavior},
volume = {25},
number = {2},
pages = {63--87},
year = {2004},
publisher = {Elsevier}
}

@article{Fehr2018,
title = {Normative foundations of human cooperation},
author = {Fehr, Ernst and Schurtenberger, Ivo},
journal = {Nature Human Behaviour},
volume = {2},
number = {7},
pages = {458--468},
year = {2018},
publisher = {Nature Publishing Group UK London},
doi = {10.1038/s41562-018-0385-5}
}

@article{Fowler2005,
title = {Egalitarian motive and altruistic punishment},
author = {Fowler, James H and Johnson, Tim and Smirnov, Oleg},
journal = {Nature},
volume = {433},
number = {7021},
pages = {E1},
year = {2005},
publisher = {Nature Publishing Group UK London},
doi = {10.1038/nature03256}
}

@article{Henrich2006,
title = {Costly punishment across human societies},
author = {Henrich, Joseph and McElreath, Richard and Barr, Abigail and Ensminger, Jean and Barrett, Clark and Bolyanatz, Alexander and Cardenas, Juan Camilo and Gurven, Michael and Gwako, Edwins and Henrich, Natalie and others},
journal = {Science},
volume = {312},
number = {5781},
pages = {1767--1770},
year = {2006},
publisher = {American Association for the Advancement of Science},
doi = {10.1126/science.1127333}
}

@book{Henrich2017,
title = {The Secret of Our Success: How Culture Is Driving Human Evolution, Domesticating Our Species, and Making Us Smarter},
author = {Henrich, Joseph},
year = {2017},
publisher = {Princeton University Press}
}

@article{Herrmann2008,
author = {Benedikt Herrmann  and Christian Th{\"o}ni  and Simon G{\"a}chter },
title = {Antisocial Punishment Across Societies},
journal = {Science},
volume = {319},
number = {5868},
pages = {1362--1367},
year = {2008},
doi = {10.1126/science.1153808},
URL = {https://www.science.org/doi/abs/10.1126/science.1153808},
eprint = {https://www.science.org/doi/pdf/10.1126/science.1153808}
}

@article{Hofmann2018,
author = {Wilhelm Hofmann and Mark J. Brandt and Daniel C. Wisneski and Bettina Rockenbach and Linda J. Skitka},
title = {Moral Punishment in Everyday Life},
journal = {Personality and Social Psychology Bulletin},
volume = {44},
number = {12},
pages = {1697--1711},
year = {2018},
doi = {10.1177/0146167218775075},
note = {PMID: 29848212},
URL = {https://doi.org/10.1177/0146167218775075},
eprint = {https://doi.org/10.1177/0146167218775075}
}

@article{Johnson2009,
title = {The role of egalitarian motives in altruistic punishment},
journal = {Economics Letters},
volume = {102},
number = {3},
pages = {192--194},
year = {2009},
issn = {0165-1765},
doi = {10.1016/j.econlet.2009.01.003},
url = {https://www.sciencedirect.com/science/article/pii/S0165176509000056},
author = {Tim Johnson and Christopher T. Dawes and James H. Fowler and Richard McElreath and Oleg Smirnov}
}

@article{Jordan2016,
title = {Third-party punishment as a costly signal of trustworthiness},
author = {Jordan, Jillian J and Hoffman, Moshe and Bloom, Paul and Rand, David G},
journal = {Nature},
volume = {530},
number = {7591},
pages = {473--476},
year = {2016},
publisher = {Nature Publishing Group UK London},
doi = {10.1038/nature16981}
}

@article{Jordan2017,
title = {Third-party punishment as a costly signal of high continuation probabilities in repeated games},
author = {Jordan, Jillian J and Rand, David G},
journal = {Journal of Theoretical Biology},
volume = {421},
pages = {189--202},
year = {2017},
publisher = {Elsevier}
}

@article{Jordan2020,
title = {Signaling when no one is watching: A reputation heuristics account of outrage and punishment in one-shot anonymous interactions},
author = {Jordan, Jillian J and Rand, David G},
journal = {Journal of Personality and Social Psychology},
volume = {118},
number = {1},
pages = {57--88},
year = {2020},
publisher = {American Psychological Association},
doi = {10.1037/pspi0000186}
}

@article{Marczyk2017,
title = {Human punishment is not primarily motivated by inequality},
author = {Marczyk, Jesse},
journal = {PLoS ONE},
volume = {12},
number = {2},
pages = {e0171298},
year = {2017},
publisher = {Public Library of Science San Francisco, CA USA},
doi = {10.1371/journal.pone.0171298}
}

@article{Mathew2011,
title = {Punishment sustains large-scale cooperation in prestate warfare},
author = {Mathew, Sarah and Boyd, Robert},
journal = {Proceedings of the National Academy of Sciences},
volume = {108},
number = {28},
pages = {11375--11380},
year = {2011},
publisher = {National Acad Sciences}
}

@article{Mathew2014,
title = {The cost of cowardice: punitive sentiments towards free riders in {Turkana} raids},
journal = {Evolution and Human Behavior},
volume = {35},
number = {1},
pages = {58--64},
year = {2014},
issn = {1090-5138},
doi = {10.1016/j.evolhumbehav.2013.10.001},
url = {https://www.sciencedirect.com/science/article/pii/S1090513813001153},
author = {Sarah Mathew and Robert Boyd}
}

@article{Molleman2014,
title = {Consistent individual differences in human social learning strategies},
author = {Molleman, Lucas and Van den Berg, Pieter and Weissing, Franz J},
journal = {Nature Communications},
volume = {5},
number = {1},
pages = {3570},
year = {2014},
publisher = {Nature Publishing Group UK London},
doi = {10.1038/ncomms4570}
}

@article{Nikiforakis2008,
title = {A comparative statics analysis of punishment in public-good experiments},
author = {Nikiforakis, Nikos and Normann, Hans-Theo},
journal = {Experimental Economics},
volume = {11},
pages = {358--369},
year = {2008},
publisher = {Springer}
}

@article{Nisbett1977,
title = {Telling more than we can know: Verbal reports on mental processes},
author = {Nisbett, Richard E and Wilson, Timothy D},
journal = {Psychological Review},
volume = {84},
number = {3},
pages = {231--259},
year = {1977},
publisher = {American Psychological Association},
doi = {10.1037/0033-295X.84.3.231}
}

@book{Ostrom1990,
title = {Governing the commons: The evolution of institutions for collective action},
author = {Ostrom, Elinor},
year = {1990},
publisher = {Cambridge University Press}
}

@article{Raihani2012a,
title = {Punishment and cooperation in nature},
author = {Raihani, Nichola J and Thornton, Alex and Bshary, Redouan},
journal = {Trends in Ecology \& Evolution},
volume = {27},
number = {5},
pages = {288--295},
year = {2012},
publisher = {Elsevier},
doi = {10.1016/j.tree.2011.12.004}
}

@article{Raihani2012b,
title = {Human punishment is motivated by inequity aversion, not a desire for reciprocity},
author = {Raihani, Nichola J and McAuliffe, Katherine},
journal = {Biology Letters},
volume = {8},
number = {5},
pages = {802--804},
year = {2012},
publisher = {The Royal Society},
doi = {10.1098/rsbl.2012.0470}
}

@article{Raihani2015,
title = {The reputation of punishers},
author = {Raihani, Nichola J and Bshary, Redouan},
journal = {Trends in Ecology \& Evolution},
volume = {30},
number = {2},
pages = {98--103},
year = {2015},
publisher = {Elsevier},
doi = {10.1016/j.tree.2014.12.003}
}

@article{Raihani2019,
title = {Punishment: one tool, many uses},
volume = {1},
doi = {10.1017/ehs.2019.12},
journal = {Evolutionary Human Sciences},
publisher = {Cambridge University Press},
author = {Raihani, Nichola J and Bshary, Redouan},
year = {2019},
pages = {e12}
}

@article{Richerson2016,
title = {Cultural group selection plays an essential role in explaining human cooperation: A sketch of the evidence},
author = {Richerson, Peter and Baldini, Ryan and Bell, Adrian V and Demps, Kathryn and Frost, Karl and Hillis, Vicken and Mathew, Sarah and Newton, Emily K and Naar, Nicole and Newson, Lesley and others},
journal = {Behavioral and Brain Sciences},
volume = {39},
pages = {e30},
year = {2016},
publisher = {Cambridge University Press},
doi = {10.1017/S0140525X1400106X}
}

@article{Sylwester2013,
title = {Homo homini lupus? Explaining antisocial punishment},
author = {Sylwester, Karolina and Herrmann, Benedikt and Bryson, Joanna J},
journal = {Journal of Neuroscience, Psychology, and Economics},
volume = {6},
number = {3},
pages = {167--188},
year = {2013},
publisher = {Educational Publishing Foundation},
doi = {10.1037/npe0000009}
}

@article{Thielmann2020,
title = {Personality and prosocial behavior: A theoretical framework and meta-analysis.},
author = {Thielmann, Isabel and Spadaro, Giuliana and Balliet, Daniel},
journal = {Psychological Bulletin},
volume = {146},
number = {1},
pages = {30--90},
year = {2020},
publisher = {American Psychological Association},
doi = {10.1037/bul0000217}
}

@article{Walker2004,
title = {Rewards and sanctions and the provision of public goods in one-shot settings},
author = {Walker, James M and Halloran, Matthew A},
journal = {Experimental Economics},
volume = {7},
pages = {235--247},
year = {2004},
publisher = {Springer}
}
